<record><leader>00000cas a22000007a 4500</leader><controlfield tag="001">9984528</controlfield><controlfield tag="008">831005d18341855nyuwr ne      0    0eng d</controlfield><datafield ind1=" " ind2=" " tag="010"><subfield code="a">sn 83031809 </subfield></datafield><datafield ind1=" " ind2=" " tag="040"><subfield code="a">NPU</subfield><subfield code="b">eng</subfield><subfield code="c">NPU</subfield><subfield code="d">NPX</subfield><subfield code="d">NYS</subfield><subfield code="d">OCL</subfield><subfield code="d">OCLCQ</subfield><subfield code="d">OCLCF</subfield><subfield code="d">OCLCO</subfield></datafield><datafield ind1=" " ind2=" " tag="042"><subfield code="a">msc</subfield></datafield><datafield ind1="0" ind2="0" tag="245"><subfield code="a">Troy Whig.</subfield></datafield><datafield ind1="1" ind2="3" tag="246"><subfield code="a">Troy Whig, for the country</subfield></datafield><datafield ind1=" " ind2=" " tag="250"><subfield code="a">For the country.</subfield></datafield><datafield ind1=" " ind2=" " tag="260"><subfield code="a">Troy, N.Y. :</subfield><subfield code="b">James M. Stevenson,</subfield></datafield><datafield ind1=" " ind2=" " tag="300"><subfield code="a">v. ;</subfield><subfield code="c">69 cm.</subfield></datafield><datafield ind1=" " ind2=" " tag="310"><subfield code="a">Weekly</subfield></datafield><datafield ind1="0" ind2=" " tag="362"><subfield code="a">Vol. 1, no. 1 (July 8, 1834)-</subfield></datafield><datafield ind1="1" ind2=" " tag="362"><subfield code="a">Ceased in Aug. 1855?</subfield></datafield><datafield ind1=" " ind2=" " tag="500"><subfield code="a">Editors: James M. Stevenson, &lt;1835-1849&gt;; Alexander McCall, &lt;1837&gt;; Charles D. Brigham, &lt;1850&gt;-1855.</subfield></datafield><datafield ind1=" " ind2=" " tag="500"><subfield code="a">Publishers: James M. Stevenson, &lt;1835-1836&gt;; James M. Stevenson &amp; Alexander McCall, &lt;1837&gt;; James M. Stevenson, &lt;1840-1849&gt;; Charles D. Brigham, &lt;1850&gt;-1855.</subfield></datafield><datafield ind1=" " ind2=" " tag="500"><subfield code="a">Printers: Edward U. Graves, &lt;1835-1836&gt;; Benjamin G. Cook, &lt;1837-1842&gt;.</subfield></datafield><datafield ind1=" " ind2="0" tag="651"><subfield code="a">Troy (N.Y.)</subfield><subfield code="v">Newspapers.</subfield></datafield><datafield ind1=" " ind2="7" tag="655"><subfield code="a">Newspapers.</subfield><subfield code="2">fast</subfield><subfield code="0">(OCoLC)fst01423814</subfield></datafield><datafield ind1=" " ind2="7" tag="651"><subfield code="a">New York (State)</subfield><subfield code="z">Troy.</subfield><subfield code="2">fast</subfield><subfield code="0">(OCoLC)fst01202806</subfield></datafield><datafield ind1=" " ind2=" " tag="752"><subfield code="a">United States</subfield><subfield code="b">New York</subfield><subfield code="c">Rensselaer</subfield><subfield code="d">Troy.</subfield></datafield><datafield ind1="0" ind2=" " tag="775"><subfield code="t">Troy daily Whig</subfield><subfield code="w">(DLC)sn 83031810</subfield></datafield><datafield ind1="0" ind2="0" tag="785"><subfield code="t">Troy American (Troy, N.Y. : 1855)</subfield><subfield code="w">(DLC)sn 85054428</subfield></datafield></record>